%% This BibTeX bibliography file was created using BibDesk.
%% http://bibdesk.sourceforge.net/

%% Created for Benjamin SÃ¸gaard at 2017-03-03 08:15:01 +0100 


%% Saved with string encoding Unicode (UTF-8) 



@article{tufillaro,
	Author = {Tufillaro, N. B. and Albano, A. M.},
	Date-Added = {2017-03-03 07:14:35 +0000},
	Date-Modified = {2017-03-03 07:14:53 +0000},
	Doi = {10.1119/1.14796},
	Id = {TN{\_}crossref10.1119/1.14796},
	Isbn = {0002-9505},
	Journal = {American Journal of Physics},
	Journal1 = {American Journal of Physics},
	Number = {10},
	Pages = {939  --944},
	Title = {Chaotic dynamics of a bouncing ball},
	Ty = {JOUR},
	Volume = {54},
	Year = {1986},
	Bdsk-Url-1 = {http://dx.doi.org/10.1119/1.14796}}

@book{strogatz,
	Address = {Boulder, CO},
	Author = {Strogatz},
	Date-Added = {2017-01-29 18:30:39 +0000},
	Date-Modified = {2017-01-29 18:31:04 +0000},
	Id = {KGL03003465533},
	Keywords = {nonlinear theories; dynamics},
	Publisher = {Westview Press, a member of the Perseus Books Group},
	Title = {Nonlinear dynamics and chaos, with applications to physics, biology, chemistry, and engineering},
	Ty = {BOOK},
	Year = {2015}}
